@misc{steamworks,
  journal = {Steam},
  title = {{\it Steamworks documentation [online]}},
  subtitle = {API overview},
  url = {https://partner.steamgames.com/documentation/api},
  year = "[cit. 2016-05-16]",
}

@misc{facebook-developers,
  journal = {Facebook Developers},
  title = {{\it Facebook Developers - Game Services [online]}},
  URL = {https://developers.facebook.com/docs/games/services},
  year = "[cit. 2016-05-16]",
}

@misc{apple-developer,
  journal = {Apple Developer},
  title = {{\it Apple Developer - Game Center [online]}},
  URL = {https://developer.apple.com/game-center/},
  year = "2016 [cit. 2016-05-16]",
}

@misc{google-developers,
  journal = {Google Developers},
  title = {{\it Google Developers - Play Games Services [online]}},
  URL = {https://developers.google.com/games/services/},
  year = "[cit. 2016-05-16]",
}

@misc{steam-greenlight,
  journal = {Steam},
  title = {{\it O službě Greenlight [online]}},
  URL = {https://steamcommunity.com/workshop/about/?appid=765\&section=faq},
  year = "[cit. 2016-05-16]",
}

@misc{steam-submission,
  journal = {Steam},
  title = {{\it Steam Greenlight Submission Fee [online]}},
  URL = {http://store.steampowered.com/app/219820/},
  year = "[cit. 2016-05-16]",
}

@misc{steam,
  journal = {Steam},
  title = {{\it Steam [online]}},
  URL = {http://store.steampowered.com/},
  year = "[cit. 2016-05-16]",
}

@misc{clayio,
  title = {{\it Clay.io blog [online]}},
  author = {Austin Hallock},
  URL = {https://clay.io/blog/},
  year = "2016 [cit. 2016-05-16]",
}

@misc{phaser,
  title = {{\it Phaser - Desktop and Mobile HTML5 game framework [online]}},
  subtitle = {Desktop and Mobile HTML5 game framework},
  URL = {http://phaser.io/},
  year = "2016 [cit. 2016-05-16]",
}

@misc{cors2,
  title = {{\it Enable cross-origin resource sharing [online]}},
  URL = {http://enable-cors.org/},
  year = "{2016-04-15 [cit. 2016-05-16]}",
}

@book{cors,
  author = {Monsur Hossain},
  title = {{\it CORS in action - creating and consuming cross-origin APIs}},
  subtitle = {creating and consuming cross-origin APIs},
  ISBN = {16-172-9182-X},
}

@misc{w3-ajax,
  journal = {W3School},
  title = {{\it W3School - AJAX Introduction [online]}},
  URL = {http://www.w3schools.com/ajax/ajax_intro.asp},
  year = "2016 [cit. 2016-05-16]",
}

@misc{w3,
  journal = {W3School},
  title = {{\it W3School Online Web Tutorials [online]}},
  URL = {http://www.w3schools.com/},
  year = "2016 [cit. 2016-05-16]",
}

@misc{Grundl2009,
  author = {David Grundl},
  journal = {Zdroják},
  title = {{\it Nette Framework - zvyšte svoji produktivitu [online]}},
  subtitle = {zvyšte svoji produktivitu},
  year = {2009-03-10 [cit. 2016-05-16]},
  URL = {https://www.zdrojak.cz/clanky/nette-framework-zvyste-svoji-produktivitu/},
}

@misc{Capka2013,
  author = {David Čápka},
  journal = {ITnetwork},
  title = {{\it MVC architektura [online]}},
  year = {2013 [cit. 2016-05-16]},
  URL = {http://www.itnetwork.cz/navrhove-vzory/mvc-architektura-navrhovy-vzor/},
}

@book{Zara2015,
  author = {Ondřej Žára},
  title = {{\it JavaScript}},
  subtitle = {programátorské techniky a webové technologie},
  publisher = {Computer Press},
  address = {Brno},
  year = {2015},
  edition = {1. vydání},
  ISBN = {9788025145739},
}

@book{Gutmans2005,
  author = {Andi Gutmans and Stig Sæther Bakken and Derick Rethans},
  title = {{\it Mistrovství v PHP 5}},
  publisher = {CP Books},
  address = {Brno},
  year = {2005},
  ISBN = {802510799x},
}

